@INPROCEEDINGS{prodromou_nocalert_2012, 
author={Prodromou, A. and Panteli, A. and Nicopoulos, C. and Sazeides, Y.}, 
booktitle={Microarchitecture (MICRO), 2012 45th Annual IEEE/ACM International Symposium on}, 
title={NoCAlert: An On-Line and Real-Time Fault Detection Mechanism for Network-on-Chip Architectures}, 
year={2012}, 
month={Dec}, 
pages={60-71}, 
keywords={fault diagnosis;integrated circuit interconnections;integrated circuit reliability;multiprocessing systems;network-on-chip;CMP paradigm;NoC;NoCAlert;chip multiprocessor paradigm;fault model;invariance checking;lightweight microchecker modules;network-on-chip architectures;on-chip interconnection fabric;online fault detection mechanism;power overhead;process variability artifacts;real-time fault detection mechanism;reliability threats;router critical path;size 65 nm;stimulus set;technology feature sizes}, 
doi={10.1109/MICRO.2012.15}, 
ISSN={1072-4451}
}

@INPROCEEDINGS{milojevic2012, 
author={Milojevic, D. and Idgunji, S. and Jevdjic, D. and Ozer, E. and Lotfi-Kamran, P. and Panteli, A. and Prodromou, A. and Nicopoulos, C. and Hardy, D. and Falsari, B. and Sazeides, Y.}, 
booktitle={Computer Design (ICCD), 2012 IEEE 30th International Conference on}, 
title={Thermal characterization of cloud workloads on a power-efficient server-on-chip}, 
year={2012}, 
month={Sept}, 
pages={175-182}, 
keywords={DRAM chips;cloud computing;multiprocessing systems;system-on-chip;thermal analysis;three-dimensional integrated circuits;3D-stacked wide I/O DRAM;CPU-centric benchmarks;Dhrystone;SPECInt;TSV;datacenters;full-system microarchitectural modeling;logic die;logic+DRAM;memory bandwidth;memory-intensive cloud workloads;power-efficient many-core server-on-chip system;rapid virtual physical prototyping;temperature 175 C to 200 C;thermal analysis;thermal characterization;through-silicon vias;Bandwidth;Clouds;Density measurement;Power system measurements;Random access memory;System-on-a-chip;Through-silicon vias}, 
doi={10.1109/ICCD.2012.6378637}, 
ISSN={1063-6404}
}